@article{silver2016go,
  author       = {Silver, David and Huang, Aja and Maddison, Chris and others},
  title        = {Mastering the game of Go with deep neural networks and tree search},
  journal      = {Nature},
  volume       = {529},
  pages        = {484--489},
  year         = {2016},
  doi          = {10.1038/nature16961}
}

@article{lenail2019nnsvg,
  author       = {LeNail, A.},
  title        = {{NN-SVG: Publication-Ready Neural Network Architecture Schematics}},
  journal      = {Journal of Open Source Software},
  volume       = {4},
  number       = {33},
  pages        = {747},
  year         = {2019},
  doi          = {10.21105/joss.00747}
}

@misc{brown2018quoridor,
  author       = {Brown, Joseph and Aslam, Hamna},
  title        = {Monte Carlo Tree Search for Quoridor},
  year         = {2018},
  note         = {Unpublished manuscript}
}

@book{russell2020aima,
  author       = {Russell, Stuart J. and Norvig, Peter},
  title        = {Artificial Intelligence: A Modern Approach},
  edition      = {4},
  publisher    = {Pearson},
  year         = {2020}
}

@misc{wikipedia2025mcts,
  author       = {{Wikipedia contributors}},
  title        = {Monte Carlo tree search},
  howpublished = {\url{https://en.wikipedia.org/wiki/Monte_Carlo_tree_search}},
  note         = {Accessed: 2025-02-01}
}

